101 101000048 1031125949504140050A094101FRB KANSAS CITY        RCB BANK CLAREMORE             
5220ABC TEST COMPANYPAYROLL             9000000625PPDPAYROLL   041587870415   1103112590000001
6220818100021326             0000025600245366         MICKEY THOMPSON       020103112590000001
6220818100021442             0000031000243628         JOE DOKES             020103112590000002
6220818100021146             0000042500243699         LANA TURNER           020103112590000003
6220818100021722             0000021600243565         MIKE A WILLIAMS       020103112590000004
6220818100021458             0000031200243571         SAMUEL SLADE          021103112590000005
701OR JUANITA SLADE                                                                           
822000000000409050000000000000000000001519009000000625                         103112590000001
5225CENTRAL LIFE    INS PREMS           1745722725PPDINS PREMS 041587870415   1103112590000002
6270818100021667             00000024003452233254     HARRIET FRODENHAUSEN  020103112590000006
6270818100021221             00000027003454577244     MAXWELL SANDUSKI      010103112590000007
6270818100021338             00000026003445649954     JOHN DILLINGER        020103112590000008
6270818100021229             00000024003434577893     MARK HARRISON         020103112590000009
6270818100021770             00000028003451117642     BILLY WATUSI          020103112590000010
6270818100021898             00000022003455425886     FRED LANGSTON         020103112590000011
6270818100021333             00000023563452569841     MARION QUEST          020103112590000012
6270818100021880             00000027453451235731     ANNI FRANKEN          020103112590000013
822500000800654480000000000202010000000000001745722725                         103112590000002
9000002000003000000140106353000000000020201000000151900                                       